% biblatex example

@techreport{speck_iot,
	title = {Simon and Speck : Block Ciphers for the Internet of Things},
	pagetotal = {15},
	institution = {National Security Agency},
	author = {{Ray Beaulieu, Douglas Shors, Jason Smith, Stefan Treatman-Clark, Bryan Weeks, Louis Wingers}},
	date = {2015-06-09},
}

@techreport{speck_design,
	title = {Notes on the design and analysis of Simon and Speck},
	pagetotal = {23},
	institution = {International Association for Cryptologic Research},
	date = {2018-01-13},
}

@techreport{speck_families,
	title = {The Simon and Speck families of lightweight block ciphers},
	pagetotal = {45},
	institution = {National Security Agency},
	author = {{Ray Beaulieu, Douglas Shors, Jason Smith, Stefan Treatman-Clark, Bryan Weeks, Louis Wingers}},
	date = {2013-06-19},
}

@misc{cryptoeprint:2012:317,
    author = {Markku-Juhani O. Saarinen and Daniel Engels },
    title = {A Do-It-All-Cipher for RFID: Design Requirements (Extended Abstract) },
    howpublished = {Cryptology ePrint Archive, Report 2012/317},
    year = {2012},
    note = {\url{https://eprint.iacr.org/2012/317}},
}

@misc{cryptoIndustryDesigned,
	author = {Alex Biryukov, LÃ©o Perrin},
	title = {State of the Art in Lightweight Symmetric Cryptography},
}